<?xml version="1.0" encoding="UTF-8"?><record xmlns="http://www.loc.gov/MARC21/slim" xmlns:cinclude="http://apache.org/cocoon/include/1.0" xmlns:zs="http://www.loc.gov/zing/srw/">
  <leader>01331cz  a2200277n  4500</leader>
  <controlfield tag="001">n  81146515 </controlfield>
  <controlfield tag="003">DLC</controlfield>
  <controlfield tag="005">20150415163215.0</controlfield>
  <controlfield tag="008">820218n| azannaabn          |a aaa      </controlfield>
  <datafield tag="010" ind1=" " ind2=" ">
    <subfield code="a">n  81146515 </subfield>
  </datafield>
  <datafield tag="035" ind1=" " ind2=" ">
    <subfield code="a">(OCoLC)oca00691283</subfield>
  </datafield>
  <datafield tag="040" ind1=" " ind2=" ">
    <subfield code="a">DLC</subfield>
    <subfield code="b">eng</subfield>
    <subfield code="e">rda</subfield>
    <subfield code="c">DLC</subfield>
    <subfield code="d">PPPrHi</subfield>
    <subfield code="d">DLC</subfield>
  </datafield>
  <datafield tag="046" ind1=" " ind2=" ">
    <subfield code="f">19211220</subfield>
  </datafield>
  <datafield tag="100" ind1="1" ind2=" ">
    <subfield code="a">Wilmore, Gayraud S.</subfield>
  </datafield>
  <datafield tag="370" ind1=" " ind2=" ">
    <subfield code="a">Philadelphia (Pa.)</subfield>
  </datafield>
  <datafield tag="373" ind1=" " ind2=" ">
    <subfield code="a">Interdenominational Theological Center (Atlanta, Ga.)</subfield>
    <subfield code="2">naf</subfield>
  </datafield>
  <datafield tag="374" ind1=" " ind2=" ">
    <subfield code="a">Clergy</subfield>
    <subfield code="a">Educators</subfield>
    <subfield code="2">lcsh</subfield>
  </datafield>
  <datafield tag="375" ind1=" " ind2=" ">
    <subfield code="a">male</subfield>
  </datafield>
  <datafield tag="377" ind1=" " ind2=" ">
    <subfield code="a">eng</subfield>
  </datafield>
  <datafield tag="378" ind1=" " ind2=" ">
    <subfield code="q">Gayraud Stephen</subfield>
  </datafield>
  <datafield tag="400" ind1="1" ind2=" ">
    <subfield code="a">Wilmore, G. S.</subfield>
    <subfield code="q">(Gayraud S.)</subfield>
  </datafield>
  <datafield tag="670" ind1=" " ind2=" ">
    <subfield code="a">The secular relevance of the church, 1962.</subfield>
  </datafield>
  <datafield tag="670" ind1=" " ind2=" ">
    <subfield code="a">Last things first, c1982:</subfield>
    <subfield code="b">CIP t.p. (Gayraud S. Wilmore) data sheet (b. 12/20/21)</subfield>
  </datafield>
  <datafield tag="670" ind1=" " ind2=" ">
    <subfield code="a">Pragmatic spirituality, c2004:</subfield>
    <subfield code="b">title page (Gayraud S. Wilmore) page 4 of cover (emeritus professor of church history at the Interdenominational Theological Center in Atlanta, Ga.)</subfield>
  </datafield>
  <datafield tag="670" ind1=" " ind2=" ">
    <subfield code="a">OCLC, July 11, 2013</subfield>
    <subfield code="b">(access points: Wilmore, Gayraud; Wilmore, Gayraud S.; Wilmore, Gayraud S., 1921- ; usage: Gayraud Wilmore; Gayraud S. Wilmore; Gayraud S. Wilmore, Jr.; G.S. Wilmore)</subfield>
  </datafield>
  <datafield tag="670" ind1=" " ind2=" ">
    <subfield code="a">PPPrHi biographical vertical file, RG 414</subfield>
    <subfield code="b">(Gayraud Stephen Wilmore, born in Philadelphia; ordained in 1950 by the Presbytery of Philadelphia; served churches in Pa.)</subfield>
  </datafield>
</record>